<?xml version="1.0" encoding="UTF-8"?><collection><record><leader>08704ntm a2200661 a 4500</leader><controlfield tag="001">005984413</controlfield><controlfield tag="003">MiAaHDL</controlfield><controlfield tag="005">20190719000000.0</controlfield><controlfield tag="006">m        d        </controlfield><controlfield tag="007">cr bn ---auaua</controlfield><controlfield tag="008">090403s1698    xx            00| ||ara d</controlfield><datafield tag="035" ind1=" " ind2=" "><subfield code="a">(MiU)005984413</subfield></datafield><datafield tag="035" ind1=" " ind2=" "><subfield code="a">sdr-miu005984413</subfield></datafield><datafield tag="040" ind1=" " ind2=" "><subfield code="a">MiU</subfield><subfield code="c">MiU</subfield><subfield code="e">amremm</subfield></datafield><datafield tag="043" ind1=" " ind2=" "><subfield code="a">n-us-mi</subfield></datafield><datafield tag="100" ind1="1" ind2=" "><subfield code="6">880-01</subfield><subfield code="a">Ibn Bābawayh al-Qummī, Muḥammad ibn ʻAlī,</subfield><subfield code="d">918 or 919-991 or 992.</subfield></datafield><datafield tag="245" ind1="1" ind2="0"><subfield code="6">880-02</subfield><subfield code="a">[Thawāb al-aʻmāl wa-ʻiqāb al-aʻmāl,</subfield><subfield code="f">1109, i.e. 1698].</subfield></datafield><datafield tag="246" ind1="3" ind2=" "><subfield code="6">880-03</subfield><subfield code="i">Title from label on fore-edge flap:</subfield><subfield code="a">Bayān thawāb kalimat al-tawḥīd faḍāʼil al-aʻmāl</subfield></datafield><datafield tag="260" ind1=" " ind2=" "><subfield code="c">[1698]</subfield></datafield><datafield tag="300" ind1=" " ind2=" "><subfield code="a">178 leaves :</subfield><subfield code="b">paper ;</subfield><subfield code="c">265 x 155 (200 x 85) mm. bound to 265 x 163 mm.</subfield></datafield><datafield tag="500" ind1=" " ind2=" "><subfield code="a">Shelfmark: Ann Arbor, University of Michigan, Special Collections Library, Isl. Ms. 34</subfield></datafield><datafield tag="500" ind1=" " ind2=" "><subfield code="a">Origin: As appears in colophon on fol.123a (p.251) and fol.176b (p.358) copied by Muḥammad Naqī ibn Muẓaffar ʻAlī Parchvānī ʻAlīyānī from the environs of Jūldar (Joldar). Transcription of Thawāb al-aʻmāl finished 28 Jumādá I 1109 [ca. 12 December 1697] ; transcription of ʻAqāb al-aʻmāl finished 21 Rajab 1109 [ca. 2 February 1698].</subfield></datafield><datafield tag="500" ind1=" " ind2=" "><subfield code="a">Accompanying materials: Slip with excerpt in black ink tipped in following fol.35 (p.74) and paginated as pp.75-76.</subfield></datafield><datafield tag="500" ind1=" " ind2=" "><subfield code="a">Former shelfmark: British Museum, London "No. 115. Bayan thawab kalimat al-tauhid."</subfield></datafield><datafield tag="500" ind1=" " ind2=" "><subfield code="a">Binding: Pasteboards covered in black (or very dark brown) leather ; Type II binding (with flap) ; doublures and interior of fore-edge and envelope flaps in combed marbled paper in red, orange, blue, and white ; upper and lower covers carry central blind-stamped mandorla and pendants with recessed onlays in a bronze color as well as border in a series of s-shaped stamps ; design continues to envelope flap ; sewn in cream/white thread, two stations ; worked endbands in red and cream, partially gone with core exposed ; in fair condition but with much abrasion, staining, and lifting and cracking of leather (particularly spine).</subfield></datafield><datafield tag="500" ind1=" " ind2=" "><subfield code="a">Support: European laid paper, perhaps more than one type ; mainly with chain lines spaced roughly 26-27 mm. apart, laid lines spaced roughly 10 laid lines per cm., orientation varying ; highly burnished ; varies from thin and fairly transluscent to thick and fairly opaque ; watermarks include three circles with eagle above and "C T B" in central circle also three circles with cross above and "A D B" in central circle ; staining and accretions, as well as many loose quires.</subfield></datafield><datafield tag="500" ind1=" " ind2=" "><subfield code="a">Decoration: Textual dividers in the form of hāʼ, etc. in red ; text rubricated with keywords, abbreviations, overlining, etc. in red.</subfield></datafield><datafield tag="500" ind1=" " ind2=" "><subfield code="a">Script: Naskh ; fine Persianate hand ; virtually sans serif ; mainly closed counters ; slight effect of tilt to the left ; dot of final nūn freely assimilated with bowl ; pointing for letters such as qāf, yāʼ, etc. often in form of caret ; shaddah, mādah, and hamzah used.</subfield></datafield><datafield tag="500" ind1=" " ind2=" "><subfield code="a">Layout: Written in 19 lines per page ; frame-ruled (impression of ruling board evident).</subfield></datafield><datafield tag="500" ind1=" " ind2=" "><subfield code="a">Collation: ii, 14 IV(112), 2 III(124), 6 IV(172), III (178) ; chiefly quaternions ; leaves falling between the two texts and at end left blank ; catchwords present ; pagination in pencil, Western numerals, supplied during digitization (includes flyleaves and insert).</subfield></datafield><datafield tag="500" ind1=" " ind2=" "><subfield code="a">Colophon: [Thawāb al-ʻamāl] "Scribal," triangular, reads: "تم كتاب ثواب الاعمال بعون الملك المتعال وصلى الله على سيدنا محمد واله اجمعين على يد الحقير الفقير المذنب وهو المفتقر الى الله الغني محمد نقي بن حاجي مظفر علي پرچواني علياني من المحال الجولدر غفر الله له ولوالديه واحسن اليهما واليه في التاريخ ثامنة وعشرون يوما من جمادى الاولى في سنة تسعة ومائة الف بعد الهجرة النبوية صلى الله عليه واله تم تم تم تم ..." [ʻIqāb al-ʻamāl] "Scribal," triangular, reads: "تم بالخير في يوم احد وعشرون يوما من شهر رجب المرجب في سنة تسعة ومائة الف سنة ١١٠٩ بعد الهجرة النبوي [كذا] صلى الله عليه واله في يد الحقير العبد المذنب الضعيف محمد نقي بن مغفور حاجي مظفر علي پرچوان عليان من محال جولدر غفر الله له ولوالديه واحسن اليهما واليه تم تم تم تم تم تم تم ..."</subfield></datafield><datafield tag="500" ind1=" " ind2=" "><subfield code="a">Explicit: [Thawāb al-ʻamāl] "قال اذا اصاب الرجل بنته بعث اليها ملكا فامر جناحه على راسها وصدرها وقام ضعيفة خلقت من ضعف المنفق عليها معان الى يوم القيامة" [ʻIqāb al-ʻamāl] "تاب الله عز وجل عليه قال ثم نزل فكانت اخر خطبة خطبها رسول الله صلى الله عليه واله وسلم حتى لحق بالله عز وجل تم كتاب عقاب الاعمال والحمد لله ولي الاماني والامال على كل حال من الاحوال واليه المرجع والماب وافضل صلواته واكمل تحياته على نبيه محمد واله ذي الفضل والافضال صلوة لا يحصيه مقال ولا يحويه مجال"</subfield></datafield><datafield tag="500" ind1=" " ind2=" "><subfield code="a">Incipit: [Thawāb al-ʻamāl] "الحمد لله الواحد القديم الازلي الذي لا يوصف بحد ولا نهاية ... قال محمد بن علي بن الحسين بن موسى بابويه رحمة الله عليه ان الذي دعاني الى تأليف كتابي هذا ما روي عن النبي صلى الله عليه واله انه قال الدال على الخير كفاعله وسميته كتاب ثواب الاعمال ..." [ʻIqāb al-ʻamāl] "و به ثقتي بسم الله الرحمن الرحيم وبه النجاة من العذاب الاليم عقاب من اتى من غير بابه"</subfield></datafield><datafield tag="500" ind1=" " ind2=" "><subfield code="a">Title supplied by cataloguer from opening on fol.2a (p.7) and colophon on fol.176b (p.358).</subfield></datafield><datafield tag="500" ind1=" " ind2=" "><subfield code="a">Ms. codex.</subfield></datafield><datafield tag="505" ind1="0" ind2=" "><subfield code="a">4. fol.177a-fol.178b : [blank].</subfield></datafield><datafield tag="505" ind1="0" ind2=" "><subfield code="a">3. fol.125b-fol.176b : ʻIqāb al-ʻamāl / Ibn Bābawayh, Shaykh-i Ṣadūq.</subfield></datafield><datafield tag="505" ind1="0" ind2=" "><subfield code="a">2. fol.123b-fol.125a : [blank].</subfield></datafield><datafield tag="505" ind1="0" ind2=" "><subfield code="a">1. fol.1b-fol.-123a : Thawāb al-ʻamāl / Ibn Bābawayh, Shaykh-i Ṣadūq.</subfield></datafield><datafield tag="520" ind1="8" ind2=" "><subfield code="a">Neat copy of the treatise by Abū Jaʻfar Muḥammad ibn ʻAlī ibn al-Ḥusayn ibn Mūsá ibn Bābawayh al-Qummī, Shaykh-i Ṣadūq, on rewards and punishments as addressed in various ḥadīth.</subfield></datafield><datafield tag="538" ind1=" " ind2=" "><subfield code="a">Mode of access: Internet.</subfield></datafield><datafield tag="541" ind1=" " ind2=" "><subfield code="c">Purchase ;</subfield><subfield code="a">Acquired by purchase along with Abdul Hamid Collection (funds donated by Horace Rackham).</subfield><subfield code="d">1924.</subfield></datafield><datafield tag="546" ind1=" " ind2=" "><subfield code="a">Arabic.</subfield></datafield><datafield tag="561" ind1=" " ind2=" "><subfield code="a">Bookplate of British Museum, London on inner front cover, "No. 115. Bayan thawab kalimat al-tauhid." ; circular seal impression with figure of goat/gazelle in purple ink as well as inscription "16" in Western numerals on front flyleaf ; on fol.1a (p.5) a rectangular seal impression in black ink, inscription difficult to make out ; collation marks "بلغ" appear throughout first work, and collator is named in statement on fol.76b (p.156) "بلغ من يد الحقير الفقير علي نقي بعون الله تعالى" ; numerous marginal corrections ; occasional glosses and notabilia (side-heads) ; some examples of syntax clarification (taḍbīb).</subfield></datafield><datafield tag="650" ind1=" " ind2="0"><subfield code="a">Manuscripts, Arabic</subfield><subfield code="z">Michigan</subfield><subfield code="z">Ann Arbor.</subfield></datafield><datafield tag="650" ind1=" " ind2="0"><subfield code="a">Shiites</subfield><subfield code="v">Early works to 1800.</subfield></datafield><datafield tag="650" ind1=" " ind2="0"><subfield code="a">Religious life</subfield><subfield code="x">Islam</subfield><subfield code="v">Early works to 1800.</subfield></datafield><datafield tag="650" ind1=" " ind2="0"><subfield code="a">Future punishment</subfield><subfield code="v">Early works to 1800.</subfield></datafield><datafield tag="650" ind1=" " ind2="0"><subfield code="a">Merit (Islam)</subfield><subfield code="v">Early works to 1800.</subfield></datafield><datafield tag="650" ind1=" " ind2="0"><subfield code="a">Hadith (Shiites)</subfield><subfield code="x">Criticism, interpretation, etc.</subfield><subfield code="v">Early works to 1800.</subfield></datafield><datafield tag="700" ind1="0" ind2=" "><subfield code="6">880-05</subfield><subfield code="a">Muḥammad Naqī ibn Muẓaffar ʻAlī Parchvānī ʻAlīyānī,</subfield><subfield code="d">fl. 1698,</subfield><subfield code="e">scribe.</subfield></datafield><datafield tag="740" ind1="0" ind2="2"><subfield code="6">880-06</subfield><subfield code="a">ʻIqāb al-aʻmāl</subfield></datafield><datafield tag="773" ind1="0" ind2=" "><subfield code="a">Tiflis Collection.</subfield></datafield><datafield tag="880" ind1="0" ind2="2"><subfield code="6">740-06/</subfield><subfield code="a">عقاب الاعمال</subfield></datafield><datafield tag="880" ind1="0" ind2=" "><subfield code="6">700-05/</subfield><subfield code="a">محمد نقى بن مظفر على پرچوانى عليانى،</subfield><subfield code="e">ناسخ.</subfield></datafield><datafield tag="880" ind1="3" ind2=" "><subfield code="6">246-03/</subfield><subfield code="a">بيان ثواب كلمة التوحيد فضائل الاعمال</subfield></datafield><datafield tag="880" ind1="1" ind2="0"><subfield code="6">245-02/</subfield><subfield code="a">[ثواب الاعمال وعقاب الاعمال،</subfield><subfield code="f">1109ه، 1698م].</subfield></datafield><datafield tag="880" ind1="1" ind2=" "><subfield code="6">100-01/</subfield><subfield code="a">ابن بابويه القمي، محمد بن علي.</subfield></datafield><datafield tag="CID" ind1=" " ind2=" "><subfield code="a">005984413</subfield></datafield><datafield tag="DAT" ind1="0" ind2=" "><subfield code="a">20190719102633.0</subfield><subfield code="b">20190719000000.0</subfield></datafield><datafield tag="DAT" ind1="1" ind2=" "><subfield code="a">20190719090653.0</subfield><subfield code="b">2019-07-19T16:11:09Z</subfield></datafield><datafield tag="DAT" ind1="2" ind2=" "><subfield code="a">2015-10-02T18:00:03Z</subfield></datafield><datafield tag="CAT" ind1=" " ind2=" "><subfield code="a">SDR-MIU</subfield><subfield code="d">EX LIBRIS - ALEPH</subfield><subfield code="l">prepare.pl-004-008</subfield></datafield><datafield tag="FMT" ind1=" " ind2=" "><subfield code="a">BK</subfield></datafield><datafield tag="HOL" ind1=" " ind2=" "><subfield code="0">sdr-miu005984413</subfield><subfield code="a">MiU</subfield><subfield code="b">SDR</subfield><subfield code="c">MIU</subfield><subfield code="p">mdp.39015079105634</subfield><subfield code="s">MIU</subfield><subfield code="1">005984413</subfield></datafield><datafield tag="974" ind1=" " ind2=" "><subfield code="b">MIU</subfield><subfield code="c">MIU</subfield><subfield code="d">20190719</subfield><subfield code="s">lit-dlps-dc</subfield><subfield code="u">mdp.39015079105634</subfield><subfield code="y">1698</subfield><subfield code="r">pd</subfield><subfield code="q">bib</subfield><subfield code="t">non-US bib date1 &lt; 1879</subfield></datafield></record></collection>